@article{Jensen_2006,
	title = {Synthetic aperture ultrasound imaging},
	journal = {Ultrasonics},
	volume = {44},
	pages = {e5-e15},
	year = {2006},
	doi = {doi.org/10.1016/j.ultras.2006.07.017},
	author = {Jorgen Arendt Jensen and Svetoslav Ivanov Nikolov and Kim Lokke Gammelmark and Morten Hogholm Pedersen},
}

@article{Gemmeke_2017,
	title = {3D ultrasound computer tomography: Hardware setup, reconstruction methods and first clinical results},
	journal = {Nuclear Instruments and Methods in Physics Research Section A: Accelerators, Spectrometers, Detectors and Associated Equipment},
	volume = {873},
	pages = {59-65},
	year = {2017},
	doi = {doi.org/10.1016/j.nima.2017.07.019},
	author = {Hartmut Gemmeke and Torsten Hopp and Michael Zapf and Clemens Kaiser and Nicole V. Ruiter},
}

@article{Tarantola_1984_2,
	author = {Albert Tarantola},
	title = {Inversion of seismic reflection data in the acoustic approximation},
	journal = {Geophysics},
	volume = {49},
	number = {8},
	pages = {1259-1266},
	year = {1984},
	doi = {10.1190/1.1441754},
}

@article{Virieux_Operto_2009,
	author = {Virieux, Jean and Operto, Stéphane},
	year = {2009},
	month = {11},
	pages = {1-26},
	title = {An overview of full-waveform inversion in exploration geophysics},
	volume = {74},
	journal = {Geophysics},
	doi = {10.1190/1.3238367}
}

@book{Fichter_FWI_book_2011,
	author = {Fichtner, Andreas},
	year = {2011},
	month = {01},
	title = {Full Seismic Waveform Modelling and Inversion},
	isbn = {978-3-642-15806-3},
	doi = {10.1007/978-3-642-15807-0}
}

@article{Devaney_1984,
	author={Devaney, A. J.},
	journal={IEEE Transactions on Geoscience and Remote Sensing}, 
	title={Geophysical Diffraction Tomography}, 
	year={1984},
	volume={GE-22},
	number={1},
	pages={3-13},
	doi={10.1109/TGRS.1984.350573}
}

@article{Schatzberg_Devaney_1992,
	doi = {10.1088/0266-5611/8/1/010},
	year = {1992},
	month = {feb},
	volume = {8},
	number = {1},
	pages = {149},
	author = {A Schatzberg and  A J Devaney},
	title = {Super-resolution in diffraction tomography},
	journal = {Inverse Problems},
}

@book{Cerveny_2001, 
	place = {Cambridge}, 
	title = {Seismic Ray Theory}, 
	publisher = {Cambridge University Press}, 
	author = {Cerveny, V.}, 
	year = {2001},
	} 

@article{KortaMartiartu_2020,
	Author = {N. {Korta Martiartu} and C. Boehm and A. Fichtner},
	Journal = {IEEE Trans. Ultrasonics, Ferroelectrics, and Frequency Control},
	Pages = {1332-1343},
	Title = {{3-D wave-equation-based finite-frequency tomography for ultrasound computed tomography}},
	Volume = {67},
	Year = {2020},
	doi = {10.1109/TUFFC.2020.2972327},
}

@article{Huang_2013,
    author = {Huang, C and Wang, K and  Nie, L and Wang, L and Anastasio, M},
    title = "{Full-wave iterative image reconstruction in photoacoustic tomography with acoustically inhomogeneous media}",
    journal = {IEEE Trans Med Imaging},
    volume = {32},
    number = {6},
    year = {2013},
    doi = {10.1109/TMI.2013.2254496},
}

@article{Mitsuhasi_2017,
	author = {Mitsuhashi, Kenji and Poudel, Joemini and Matthews, Thomas P. and Garcia-Uribe, Alejandro and Wang, Lihong V. and Anastasio, Mark A.},
	title = {A Forward-Adjoint Operator Pair Based on the Elastic Wave Equation for Use in Transcranial Photoacoustic Computed Tomography},
	journal = {SIAM Journal on Imaging Sciences},
	volume = {10},
	number = {4},
	pages = {2022-2048},
	year = {2017},
	doi = {10.1137/16M1107619},
}

@article{Perez_Liva_2017,
	author = {Pérez-Liva,M.  and Herraiz,J. L.  and Udías,J. M.  and Miller,E.  and Cox,B. T.  and Treeby,B. E. },
	title = {Time domain reconstruction of sound speed and attenuation in ultrasound computed tomography using full wave inversion},
	journal = {The Journal of the Acoustical Society of America},
	volume = {141},
	number = {3},
	pages = {1595-1604},
	year = {2017},
	doi = {10.1121/1.4976688},
}

@article{Pratt_Duric_2007,
	author = {Pratt, Robert and Huang, Lianjie and Duric, Neb and Littrup, Peter},
	year = {2007},
	month = {03},
	pages = {},
	title = {Sound-speed and attenuation imaging of breast tissue using waveform tomography of transmission ultrasound data},
	volume = {6510},
	journal = {Proceedings of SPIE - The International Society for Optical Engineering},
	doi = {10.1117/12.708789}
}

@inproceedings{Wiskin_2020,
	author = {Wiskin, James and Malik, Bilal and Pirshafiey, Nasser and Klock, John},
	year = {2020},
	month = {03},
	pages = {32},
	title = {Limited view reconstructions with transmission ultrasound tomography: clinical implications and quantitative accuracy},
	doi = {10.1117/12.2549704}
}

@article{Guasch_2020,
	author = {Guasch, Lluís and Calderon Agudo, Oscar and Tang, Meng-Xing and Nachev, Parashkev and Warner, Michael},
	year = {2020},
	month = {12},
	title = {Full-waveform inversion imaging of the human brain},
	volume = {3},
	journal = {npj Digital Medicine},
	doi = {10.1038/s41746-020-0240-8}
}

@inproceedings{Marty_SPIE_2021,
	author = {Patrick Marty and Christian Boehm and Andreas Fichtner},
	title = {{Acoustoelastic full-waveform inversion for transcranial ultrasound computed tomography}},
	volume = {11602},
	publisher = {SPIE},
	pages = {1160211},
	keywords = {Full-Waveform Inversion, Transcranial Ultrasound, Ultrasound Computed Tomography, Acoustoelastic, Spectral-Element Method},
	year = {2021},
	doi = {10.1117/12.2581029},
}

@INPROCEEDINGS{Mitcham_2023,
	author={Mitcham, Trevor and Ali, Rehman and Schartz, Derrek and Singh, Melanie and Bender, Matthew and Duric, Neb},
	booktitle={2023 IEEE International Ultrasonics Symposium (IUS)}, 
	title={Feasibility of Imaging Ischemic Stroke Through the Skull Using Ultrasound Tomography}, 
	year={2023},
	volume={},
	number={},
	pages={1-3},
	doi={10.1109/IUS51837.2023.10308116}
}

@article{lafci_IEEE_TUFFC,
	author = {Lafci, Berkan and Robin, Justine and Dean-Ben, Xose Luis and Razansky, Daniel},
	year = {2022},
	month = {05},
	title = {Expediting Image Acquisition in Reflection Ultrasound Computed Tomography},
	volume = {PP},
	journal = {IEEE Transactions on Ultrasonics, Ferroelectrics, and Frequency Control},
	doi = {10.1109/TUFFC.2022.3172713}
}

@article{Metevier_GOT_2019,
	doi = {10.1088/1361-6420/ab206f},
	year = {2019},
	month = {07},
	publisher = {IOP Publishing},
	volume = {35},
	number = {8},
	pages = {085001},
	author = {L Metivier and R Brossier and Q Mérigot and E Oudet},
	title = {A graph space optimal transport distance as a generalization of Lp distances: application to a seismic imaging inverse problem},
	journal = {Inverse Problems}
}

@article{Groos_2014,
	author = {Lisa Groos and Martin Schäfer and Thomas Forbriger and Thomas Bohlen},
	title = {The role of attenuation in 2D full-waveform inversion of shallow-seismic body and Rayleigh waves},
	journal = {Geophysics},
	volume = {79},
	number = {6},
	pages = {R247-R261},
	year = {2014},
	doi = {10.1190/geo2013-0462.1},
}

@article{Capdeville_2005,
    author = {Capdeville, Y. and Gung, Y. and Romanowicz, B.},
    title = "{Towards global earth tomography using the spectral element method: a technique based on source stacking}",
    journal = {Geophysical Journal International},
    volume = {162},
    number = {2},
    pages = {541-554},
    year = {2005},
    month = {08},
    doi = {10.1111/j.1365-246X.2005.02689.x},
}

@article{Krebs_2009,
	author = {Jerome R. Krebs and John E. Anderson and David Hinkley and Ramesh Neelamani and Sunwoong Lee and Anatoly Baumstein and Martin-Daniel Lacasse},
	title = {Fast full-wavefield seismic inversion using encoded sources},
	journal = {Geophysics},
	volume = {74},
	number = {6},
	pages = {WCC177-WCC188},
	year = {2009},
	doi = {10.1190/1.3230502},
}

@article{Wang_2015,
  author={Wang, Kun and Matthews, Thomas and Anis, Fatima and Li, Cuiping and Duric, Neb and Anastasio, Mark A.},
  journal={IEEE Transactions on Ultrasonics, Ferroelectrics, and Frequency Control}, 
  title={Waveform inversion with source encoding for breast sound speed reconstruction in ultrasound computed tomography}, 
  year={2015},
  volume={62},
  number={3},
  pages={475-493},
  doi={10.1109/TUFFC.2014.006788}
}

@article{Salvus,
   author = {Afanasiev, Michael and Boehm, Christian and van Driel, Martin and Krischer, Lion and Rietmann, Max and May, Dave A and Knepley, Matthew G and Fichtner, Andreas},
   title = {Modular and flexible spectral-element waveform modelling in two and three dimensions},
   journal = {Geophysical Journal International},
   volume = {216},
   number = {3},
   pages = {1675-1692},
   year = {2019},
   doi = {10.1093/gji/ggy469}
}
@article{Tarantola_1988,
  title={Theoretical background for the inversion of seismic waveforms including elasticity and attenuation},
  author={Albert Tarantola},
  journal={pure and applied Geophysics},
  year={1988},
  volume={128},
  pages={365-399},
  doi = {10.1007/BF01772605}
}

@article{Pratt_1999_1,
	author = {R. Gerhard Pratt},
	title = {Seismic waveform inversion in the frequency domain, Part 1: Theory and verification in a physical scale model},
	journal = {Geophysics},
	volume = {64},
	number = {3},
	pages = {888-901},
	year = {1999},
	doi = {10.1190/1.1444597},
}

@article{Tromp_adjoints_2005,
	author = {Tromp, Jeroen and Tape, Carl and Liu, Qinya},
	year = {2004},
	month = {12},
	pages = {195-216},
	title = {Seismic tomography, adjoint methods, time reversal and banana-doughnut kernels},
	volume = {160},
	journal = {Geophysical Journal International},
	doi = {10.1111/j.1365-246X.2004.02453.x}
}

@article{Boehm_2018,
	Author = {C. Boehm and N. {Korta-Martiartu} and N. Vinard and I. J. Balic and A. Fichtner},
	Journal = {SPIE Medical Imaging 2018},
	Pages = {92 – 100},
	Title = {{Time-domain spectral-element ultrasound waveform tomography using a stochastic quasi-Newton method}},
	Year = {2018},
	doi = {10.1117/12.2293299},
}

@article{Tarantola_1984,
   author = "Tarantola, A.",
   title = "Linearized Inversion of Seismic Reflection Data*", 
   journal= "Geophysical Prospecting",
   year = "1984",
   volume = "32",
   number = "6",
   pages = "998-1015",
   doi = "doi.org/10.1111/j.1365-2478.1984.tb00751.x",
   publisher = "European Association of Geoscientists &amp; Engineers",
}

@article{Tarantola_1986,
	author = {Albert Tarantola},
	title = {A strategy for nonlinear elastic inversion of seismic reflection data},
	journal = {Geophysics},
	volume = {51},
	number = {10},
	pages = {1893-1903},
	year = {1986},
	doi = {10.1190/1.1442046},
}

@article{Pratt_1998,
    author = {Pratt, R. Gerhard and Shin, Changsoo and Hick, G. J.},
    title = "{Gauss–Newton and full Newton methods in frequency–space seismic waveform inversion}",
    journal = {Geophysical Journal International},
    volume = {133},
    number = {2},
    pages = {341-362},
    year = {1998},
    month = {05},
    doi = {10.1046/j.1365-246X.1998.00498.x},
}

@article{Warner_Guasch_2016,
	author = {Michael Warner and Lluís Guasch},
	title = {Adaptive waveform inversion: Theory},
	journal = {Geophysics},
	volume = {81},
	number = {6},
	pages = {R429-R445},
	year = {2016},
	doi = {10.1190/geo2015-0387.1},
}

@inproceedings{Boehm_OPT_2022,
	author = {Christian Boehm and Lion Krischer and Ines Ulrich and Patrick Marty and Michael Afanasiev and Andreas Fichtner},
	title = {{Using optimal transport to mitigate cycle-skipping in ultrasound computed tomography}},
	volume = {12038},
	publisher = {SPIE},
	pages = {1203809},
	year = {2022},
	doi = {10.1117/12.2605894},
}

@inproceedings{Stotzka_resolution_2005,
	author = {Rainer Stotzka and Nicole Ruiter and Tim Mueller and Rong Liu and Hartmut Gemmeke},
	title = {{High resolution image reconstruction in ultrasound computer tomography using deconvolution}},
	volume = {5750},
	booktitle = {Medical Imaging 2005: Ultrasonic Imaging and Signal Processing},
	publisher = {SPIE},
	pages = {315 -- 325},
	year = {2005},
	doi = {10.1117/12.595149},
}

@article{Levin_RTM_1984,
	author = {Stewart A. Levin},
	title = {Principle of reverse-time migration},
	journal = {Geophysics},
	volume = {49},
	number = {5},
	pages = {581-583},
	year = {1984},
	doi = {10.1190/1.1441693},
}

@inproceedings{Roy_RTM_2016,
	author = {O. Roy and M. A. H. Zuberi and R. G. Pratt and N. Duric},
	title = {{Ultrasound breast imaging using frequency domain reverse time migration}},
	volume = {9790},
	publisher = {SPIE},
	pages = {97900B},
	year = {2016},
	doi = {10.1117/12.2218366},
}

@article{Chattopadhyay_McMechan_RTM_2008,
	author = {Sandip Chattopadhyay and George A. McMechan},
	title = {Imaging conditions for prestack reverse-time migration},
	journal = {Geophysics},
	volume = {73},
	number = {3},
	pages = {S81-S89},
	year = {2008},
	doi = {10.1190/1.2903822},
}

@article{Dai_Schuster_2013,
	author = {Wei Dai and Gerard T. Schuster},
	title = {Plane-wave least-squares reverse-time migration},
	journal = {Geophysics},
	volume = {78},
	number = {4},
	pages = {S165-S177},
	year = {2013},
	doi = {10.1190/geo2012-0377.1},
}

@article{Langston_1979,
	author = {Langston, Charles A.},
	title = {Structure under Mount Rainier, Washington, inferred from teleseismic body waves},
	journal = {Journal of Geophysical Research: Solid Earth},
	volume = {84},
	number = {B9},
	pages = {4749-4762},
	doi = {doi.org/10.1029/JB084iB09p04749},
	year = {1979}
}

@article{Douma_2010,
    author = {Douma, Huub and Yingst, David and Vasconcelos, Ivan and Tromp, Jeroen},
    title = "{On the connection between artifact filtering in reverse-time migration and adjoint tomography}",
    journal = {Geophysics},
    volume = {75},
    number = {6},
    pages = {S219-S223},
    year = {2010},
    month = {10},
    doi = {10.1190/1.3505124},
}

@article{Cueto_sourcecalibration_2020,
  author={Cueto, Carlos and Cudeiro, Javier and Agudo, Oscar Calderon and Guasch, Lluis and Tang, Meng-Xing},
  journal={IEEE Transactions on Ultrasonics, Ferroelectrics, and Frequency Control}, 
  title={Spatial Response Identification for Flexible and Accurate Ultrasound Transducer Calibration and its Application to Brain Imaging}, 
  year={2021},
  volume={68},
  number={1},
  pages={143-153},
  doi={10.1109/TUFFC.2020.3015583}
}

@INPROCEEDINGS{Ulrich_2023,
	author={Ulrich, Ines Elisa and Noe, Sebastian and Boehm, Christian and Martiartu, Naiara Korta and Lafci, Berkan and Dean-Ben, Xose Luis and Razansky, Daniel and Fichtner, Andreas},
	booktitle={2023 IEEE International Ultrasonics Symposium (IUS)}, 
	title={Full-waveform inversion with resolution proxies for in-vivo ultrasound computed tomography}, 
	year={2023},
	pages={1-4},
	doi={10.1109/IUS51837.2023.10308297}
}

@article{Fichtner_Trampert_2011,
    author = {Fichtner, Andreas and Trampert, Jeannot},
    title = "{Resolution analysis in full waveform inversion}",
    journal = {Geophysical Journal International},
    volume = {187},
    number = {3},
    pages = {1604-1624},
    year = {2011},
    month = {12},
    doi = {10.1111/j.1365-246X.2011.05218.x},
}

@article{Fichtner_Leeuwen_2015,
	author = {Fichtner, Andreas and Leeuwen, Tristan van},
	title = {Resolution analysis by random probing},
	journal = {Journal of Geophysical Research: Solid Earth},
	volume = {120},
	number = {8},
	pages = {5549-5573},
	doi = {doi.org/10.1002/2015JB012106},
	year = {2015}
}

@article{Matharu_Sacchi_2018,
    author = {Matharu, Gian and Sacchi, Mauricio D},
    title = "{Source encoding in multiparameter full waveform inversion}",
    journal = {Geophysical Journal International},
    volume = {214},
    number = {2},
    pages = {792-810},
    year = {2018},
    month = {04},
    doi = {10.1093/gji/ggy157},
}

@article{Tromp_Bachmann_2019,
    author = {Tromp, Jeroen and Bachmann, Etienne},
    title = "{Source encoding for adjoint tomography}",
    journal = {Geophysical Journal International},
    volume = {218},
    number = {3},
    pages = {2019-2044},
    year = {2019},
    month = {06},
    doi = {10.1093/gji/ggz271},
}

@article{Ranger_2012,
    author = {Ranger , B and Littrup, PJ and Duric, N and Chandiwala-Mody, P and Li, C and Schmit, S and Lupinacci, J},
    title = "{Breast ultrasound tomography versus MRI for clinical display of anatomy and tumor rendering: preliminary results}",
    journal = {American journal of roentgenology},
    volume = {198},
    number = {1},
    year = {2012},
    doi = {10.2214/AJR.11.6910},
}

@article{Korta_Martiartu_2019,
    author = {Korta Martiartu, Naiara and Boehm, Christian and Hapla, Vaclav and Maurer, Hansruedi and Balic, Ivana Jovanović and Fichtner, Andreas},
    title = "{Optimal experimental design for joint reflection-transmission ultrasound breast imaging: From ray- to wave-based methods}",
    journal = {The Journal of the Acoustical Society of America},
    volume = {146},
    number = {2},
    pages = {1252-1264},
    year = {2019},
    month = {08},
    doi = {10.1121/1.5122291},
}

@article{Davydenko_Verschuur_2021,
	author = {Mikhail Davydenko and Eric Verschuur},
	title = {Full wavefield least-squares reverse time migration},
	journal = {Geophysics},
	volume = {86},
	number = {5},
	pages = {WC67-WC74},
	year = {2021},
	doi = {10.1190/geo2020-0866.1},
}

@article{Caetano_2016,
	title = {The optical properties of mouse skin in the visible and near infrared spectral regions},
	journal = {Journal of Photochemistry and Photobiology B: Biology},
	volume = {160},
	pages = {72-78},
	year = {2016},
	doi = {doi.org/10.1016/j.jphotobiol.2016.03.047},
	author = {Caetano P. Sabino and Alessandro M. Deana and Tania M. Yoshimura and Daniela F.T. {da Silva} and Cristiane M. França and Michael R. Hamblin and Martha S. Ribeiro},
}

@article{Tromp_Bachmann_medicalEncoding_2020,
    author = {Bachmann, Etienne and Tromp, Jeroen},
    title = "{Source encoding for viscoacoustic ultrasound computed tomography}",
    journal = {The Journal of the Acoustical Society of America},
    volume = {147},
    number = {5},
    pages = {3221-3235},
    year = {2020},
    month = {05},
    doi = {10.1121/10.0001191},
}

@article{ITIS_database,
	author = {Hasgall, PA and Di Gennaro, F and Baumgartner, C and Neufeld, E and Lloyd, B and Gosselin, MC and Payne D and Klingenböck, A and Kuster, N},
	year = {2022},
	month = {02},
	title = {IT’IS Database for thermal and electromagnetic parameters of biological tissues},
	doi = {10.13099/VIP21000-04-1}
}

@article{Wiskin_boneUS_2020,
	author = {Wiskin, James and Malik, Bilal and Borup, David and Pirshafiey, Nasser and Klock, John},
	year = {2020},
	month = {11},
	pages = {},
	title = {Full wave 3D inverse scattering transmission ultrasound tomography in the presence of high contrast},
	volume = {10},
	journal = {Scientific Reports},
	doi = {10.1038/s41598-020-76754-3}
}

























